<record><leader>00000cas a22000007a 4500</leader><controlfield tag="001">9541313</controlfield><controlfield tag="008">830524d18651865ohudn ne      0   a0eng d</controlfield><datafield ind1=" " ind2=" " tag="010"><subfield code="a">sn 83035144 </subfield></datafield><datafield ind1=" " ind2=" " tag="040"><subfield code="a">NPY</subfield><subfield code="b">eng</subfield><subfield code="c">NPY</subfield><subfield code="d">NPV</subfield><subfield code="d">NPX</subfield><subfield code="d">DLC</subfield><subfield code="d">NPY</subfield><subfield code="d">ONP</subfield><subfield code="d">CNK</subfield><subfield code="d">NVF</subfield><subfield code="d">OCLCQ</subfield><subfield code="d">DLC</subfield><subfield code="d">OCLCF</subfield><subfield code="d">OCLCO</subfield></datafield><datafield ind1="0" ind2=" " tag="022"><subfield code="a">2327-1353</subfield><subfield code="2">1</subfield></datafield><datafield ind1="1" ind2=" " tag="029"><subfield code="a">AU@</subfield><subfield code="b">000025839343</subfield></datafield><datafield ind1=" " ind2=" " tag="042"><subfield code="a">msc</subfield><subfield code="a">nsdp</subfield></datafield><datafield ind1=" " ind2=" " tag="043"><subfield code="a">n-us-oh</subfield></datafield><datafield ind1="0" ind2="0" tag="050"><subfield code="a">Newspaper</subfield></datafield><datafield ind1="0" ind2="0" tag="082"><subfield code="a">071</subfield><subfield code="2">23</subfield></datafield><datafield ind1="0" ind2=" " tag="130"><subfield code="a">Cleveland leader (Cleveland, Ohio : 1865)</subfield></datafield><datafield ind1=" " ind2="4" tag="222"><subfield code="a">The Cleveland leader</subfield><subfield code="b">(Cleveland, Ohio. 1865. Print)</subfield></datafield><datafield ind1="1" ind2="4" tag="245"><subfield code="a">The Cleveland leader.</subfield></datafield><datafield ind1=" " ind2=" " tag="260"><subfield code="a">Cleveland [Ohio] :</subfield><subfield code="b">Cowles &amp; Co.,</subfield><subfield code="c">1865.</subfield></datafield><datafield ind1=" " ind2=" " tag="300"><subfield code="a">v.</subfield></datafield><datafield ind1=" " ind2=" " tag="310"><subfield code="a">Daily (except Sunday)</subfield></datafield><datafield ind1="0" ind2=" " tag="362"><subfield code="a">Vol. 19, no. 104 (May 1, 1865)-v. 19, no. 235 (Oct. 3, 1865).</subfield></datafield><datafield ind1=" " ind2=" " tag="500"><subfield code="a">"Republican."</subfield></datafield><datafield ind1=" " ind2=" " tag="530"><subfield code="a">Archived issues are available in digital format as part of the Library of Congress Chronicling America online collection.</subfield></datafield><datafield ind1=" " ind2="0" tag="651"><subfield code="a">Cleveland (Ohio)</subfield><subfield code="v">Newspapers.</subfield></datafield><datafield ind1=" " ind2="0" tag="651"><subfield code="a">Cuyahoga County (Ohio)</subfield><subfield code="v">Newspapers.</subfield></datafield><datafield ind1=" " ind2="7" tag="655"><subfield code="a">Newspapers.</subfield><subfield code="2">fast</subfield><subfield code="0">(OCoLC)fst01423814</subfield></datafield><datafield ind1=" " ind2="7" tag="651"><subfield code="a">Ohio</subfield><subfield code="z">Cleveland.</subfield><subfield code="2">fast</subfield><subfield code="0">(OCoLC)fst01205966</subfield></datafield><datafield ind1=" " ind2="7" tag="651"><subfield code="a">Ohio</subfield><subfield code="z">Cuyahoga County.</subfield><subfield code="2">fast</subfield><subfield code="0">(OCoLC)fst01202752</subfield></datafield><datafield ind1=" " ind2=" " tag="752"><subfield code="a">United States</subfield><subfield code="b">Ohio</subfield><subfield code="c">Cuyahoga</subfield><subfield code="d">Cleveland.</subfield></datafield><datafield ind1="0" ind2=" " tag="775"><subfield code="t">Cleveland weekly leader (Cleveland, Ohio : 1854)</subfield><subfield code="w">(DLC)sn 83035136</subfield><subfield code="w">(OCoLC)9540921</subfield></datafield><datafield ind1="0" ind2=" " tag="775"><subfield code="t">Cleveland tri-weekly leader</subfield><subfield code="x">2327-1388</subfield><subfield code="w">(DLC)sn 83035163</subfield><subfield code="w">(OCoLC)9647609</subfield></datafield><datafield ind1="1" ind2=" " tag="776"><subfield code="t">Cleveland leader (Cleveland, Ohio : 1865 : Online)</subfield><subfield code="x">2327-1361</subfield><subfield code="w">(DLC)  2013218612</subfield><subfield code="w">(OCoLC)829112638</subfield></datafield><datafield ind1="0" ind2="0" tag="780"><subfield code="t">Cleveland morning leader</subfield><subfield code="x">2166-1855</subfield><subfield code="w">(DLC)sn 83035143</subfield><subfield code="w">(OCoLC)9541239</subfield></datafield><datafield ind1="0" ind2="0" tag="785"><subfield code="t">Cleveland daily leader</subfield><subfield code="w">(DLC)sn 85042437</subfield><subfield code="w">(OCoLC)12413022</subfield></datafield><datafield ind1="4" ind2="1" tag="856"><subfield code="u">http://www.loc.gov/chroniclingamerica/lccn/sn83035144/issues</subfield></datafield></record>